[gd_scene load_steps=22 format=2]

[ext_resource path="res://Character.tscn" type="PackedScene" id=1]
[ext_resource path="res://Map1.tscn" type="PackedScene" id=2]
[ext_resource path="res://Game.gd" type="Script" id=3]
[ext_resource path="res://Drill.tscn" type="PackedScene" id=4]
[ext_resource path="res://burrow_picture.png" type="Texture" id=5]
[ext_resource path="res://HUD_CharacterInfo.tscn" type="PackedScene" id=6]
[ext_resource path="res://resources_picture.png" type="Texture" id=7]
[ext_resource path="res://HUD_Overhead.tscn" type="PackedScene" id=8]
[ext_resource path="res://Barlow-Bold.ttf" type="DynamicFontData" id=9]
[ext_resource path="res://CharacterUpgrade.tscn" type="PackedScene" id=10]
[ext_resource path="res://Upgrade.gd" type="Script" id=11]
[ext_resource path="res://drilling.wav" type="AudioStream" id=12]

[sub_resource type="DynamicFont" id=1]
font_data = ExtResource( 9 )

[sub_resource type="Animation" id=2]
resource_name = "Blink"
loop = true
tracks/0/type = "value"
tracks/0/path = NodePath(".:custom_colors/font_color")
tracks/0/interp = 1
tracks/0/loop_wrap = true
tracks/0/imported = false
tracks/0/enabled = true
tracks/0/keys = {
"times": PoolRealArray( 0, 0.5, 1 ),
"transitions": PoolRealArray( 1, 1, 1 ),
"update": 0,
"values": [ Color( 1, 1, 1, 1 ), Color( 0, 1, 0.0392157, 1 ), Color( 1, 1, 1, 1 ) ]
}

[sub_resource type="Animation" id=3]
resource_name = "LevelEnd"
length = 3.0
tracks/0/type = "value"
tracks/0/path = NodePath("TransitionCamera:translation")
tracks/0/interp = 1
tracks/0/loop_wrap = true
tracks/0/imported = false
tracks/0/enabled = true
tracks/0/keys = {
"times": PoolRealArray( 0, 0.7, 2 ),
"transitions": PoolRealArray( 1, 1, 1 ),
"update": 0,
"values": [ Vector3( 0, 46.3, 11.26 ), Vector3( 0, 46.3, 11.26 ), Vector3( -15.2497, 17.7759, 17.057 ) ]
}
tracks/1/type = "value"
tracks/1/path = NodePath("TransitionCamera:rotation_degrees")
tracks/1/interp = 1
tracks/1/loop_wrap = true
tracks/1/imported = false
tracks/1/enabled = true
tracks/1/keys = {
"times": PoolRealArray( 0, 0.7, 2 ),
"transitions": PoolRealArray( 1, 1, 1 ),
"update": 0,
"values": [ Vector3( -65.09, 0, 0 ), Vector3( -65.09, 0, 0 ), Vector3( -39.326, -46.122, 0 ) ]
}
tracks/2/type = "method"
tracks/2/path = NodePath("Drill")
tracks/2/interp = 1
tracks/2/loop_wrap = true
tracks/2/imported = false
tracks/2/enabled = true
tracks/2/keys = {
"times": PoolRealArray( 0.2 ),
"transitions": PoolRealArray( 1 ),
"values": [ {
"args": [  ],
"method": "close_doors"
} ]
}
tracks/3/type = "value"
tracks/3/path = NodePath("Drill:translation")
tracks/3/interp = 1
tracks/3/loop_wrap = true
tracks/3/imported = false
tracks/3/enabled = true
tracks/3/keys = {
"times": PoolRealArray( 0, 2.2, 3 ),
"transitions": PoolRealArray( 1, 1, 1 ),
"update": 0,
"values": [ Vector3( 0, 1.57442, 0 ), Vector3( 0, 1.57442, 0 ), Vector3( 0, -18.0278, 0 ) ]
}
tracks/4/type = "value"
tracks/4/path = NodePath("Drill:rotation_degrees")
tracks/4/interp = 1
tracks/4/loop_wrap = true
tracks/4/imported = false
tracks/4/enabled = true
tracks/4/keys = {
"times": PoolRealArray( 0, 2.2 ),
"transitions": PoolRealArray( 1, 1 ),
"update": 0,
"values": [ Vector3( 0, 0, 0 ), Vector3( 0, 0, 0 ) ]
}
tracks/5/type = "value"
tracks/5/path = NodePath("DrillParticles:emitting")
tracks/5/interp = 1
tracks/5/loop_wrap = true
tracks/5/imported = false
tracks/5/enabled = true
tracks/5/keys = {
"times": PoolRealArray( 0, 2, 2.9, 3 ),
"transitions": PoolRealArray( 1, 1, 1, 1 ),
"update": 1,
"values": [ false, true, false, false ]
}
tracks/6/type = "value"
tracks/6/path = NodePath("TransitionScreen:color")
tracks/6/interp = 1
tracks/6/loop_wrap = true
tracks/6/imported = false
tracks/6/enabled = true
tracks/6/keys = {
"times": PoolRealArray( 2.5, 3 ),
"transitions": PoolRealArray( 1, 1 ),
"update": 0,
"values": [ Color( 0, 0, 0, 0 ), Color( 0, 0, 0, 1 ) ]
}
tracks/7/type = "method"
tracks/7/path = NodePath(".")
tracks/7/interp = 1
tracks/7/loop_wrap = true
tracks/7/imported = false
tracks/7/enabled = true
tracks/7/keys = {
"times": PoolRealArray( 3 ),
"transitions": PoolRealArray( 1 ),
"values": [ {
"args": [  ],
"method": "_on_level_end"
} ]
}
tracks/8/type = "method"
tracks/8/path = NodePath("DrillingSound")
tracks/8/interp = 1
tracks/8/loop_wrap = true
tracks/8/imported = false
tracks/8/enabled = true
tracks/8/keys = {
"times": PoolRealArray( 2.3 ),
"transitions": PoolRealArray( 1 ),
"values": [ {
"args": [ 0.0 ],
"method": "play"
} ]
}

[sub_resource type="Animation" id=4]
length = 3.0
tracks/0/type = "value"
tracks/0/path = NodePath("TransitionCamera:translation")
tracks/0/interp = 1
tracks/0/loop_wrap = true
tracks/0/imported = false
tracks/0/enabled = true
tracks/0/keys = {
"times": PoolRealArray( 0, 1.5, 3 ),
"transitions": PoolRealArray( 1, 1, 1 ),
"update": 0,
"values": [ Vector3( -15.2497, 17.7759, 17.057 ), Vector3( -15.2497, 17.7759, 17.057 ), Vector3( 0, 46.3088, 11.2691 ) ]
}
tracks/1/type = "value"
tracks/1/path = NodePath("TransitionCamera:rotation_degrees")
tracks/1/interp = 1
tracks/1/loop_wrap = true
tracks/1/imported = false
tracks/1/enabled = true
tracks/1/keys = {
"times": PoolRealArray( 0, 1.5, 3 ),
"transitions": PoolRealArray( 1, 1, 1 ),
"update": 0,
"values": [ Vector3( -39.326, -46.122, 0 ), Vector3( -39.326, -46.122, 0 ), Vector3( -65.091, 0, 0 ) ]
}
tracks/2/type = "value"
tracks/2/path = NodePath("Drill:translation")
tracks/2/interp = 1
tracks/2/loop_wrap = true
tracks/2/imported = false
tracks/2/enabled = true
tracks/2/keys = {
"times": PoolRealArray( 0.2, 1.3 ),
"transitions": PoolRealArray( 1, 1 ),
"update": 0,
"values": [ Vector3( 4.50701, 31.5956, 0 ), Vector3( 0, 1.57442, 0 ) ]
}
tracks/3/type = "value"
tracks/3/path = NodePath("Drill:rotation_degrees")
tracks/3/interp = 1
tracks/3/loop_wrap = true
tracks/3/imported = false
tracks/3/enabled = true
tracks/3/keys = {
"times": PoolRealArray( 0.2, 1.3 ),
"transitions": PoolRealArray( 1, 1 ),
"update": 0,
"values": [ Vector3( 0, 0, -11.459 ), Vector3( 0, 0, 0 ) ]
}
tracks/4/type = "method"
tracks/4/path = NodePath("Drill")
tracks/4/interp = 1
tracks/4/loop_wrap = true
tracks/4/imported = false
tracks/4/enabled = true
tracks/4/keys = {
"times": PoolRealArray( 2.2 ),
"transitions": PoolRealArray( 1 ),
"values": [ {
"args": [  ],
"method": "open_doors"
} ]
}
tracks/5/type = "value"
tracks/5/path = NodePath("TransitionScreen:color")
tracks/5/interp = 1
tracks/5/loop_wrap = true
tracks/5/imported = false
tracks/5/enabled = true
tracks/5/keys = {
"times": PoolRealArray( 0, 0.5 ),
"transitions": PoolRealArray( 1, 1 ),
"update": 0,
"values": [ Color( 0, 0, 0, 1 ), Color( 0, 0, 0, 0 ) ]
}
tracks/6/type = "method"
tracks/6/path = NodePath(".")
tracks/6/interp = 1
tracks/6/loop_wrap = true
tracks/6/imported = false
tracks/6/enabled = true
tracks/6/keys = {
"times": PoolRealArray( 2.9 ),
"transitions": PoolRealArray( 1 ),
"values": [ {
"args": [  ],
"method": "_on_game_start"
} ]
}
tracks/7/type = "method"
tracks/7/path = NodePath("DrillingSound")
tracks/7/interp = 1
tracks/7/loop_wrap = true
tracks/7/imported = false
tracks/7/enabled = true
tracks/7/keys = {
"times": PoolRealArray( 0.6 ),
"transitions": PoolRealArray( 1 ),
"values": [ {
"args": [ 0.0 ],
"method": "play"
} ]
}

[sub_resource type="DynamicFont" id=5]
size = 24
font_data = ExtResource( 9 )

[sub_resource type="DynamicFont" id=9]
font_data = ExtResource( 9 )

[sub_resource type="ParticlesMaterial" id=6]
emission_shape = 2
emission_box_extents = Vector3( 5, 0.1, 5 )
direction = Vector3( 0, 1, 0 )
spread = 10.0
gravity = Vector3( 0, -30, 0 )
initial_velocity = 30.0

[sub_resource type="SpatialMaterial" id=7]
params_cull_mode = 2
albedo_color = Color( 0.392157, 0.364706, 0.207843, 1 )

[sub_resource type="PlaneMesh" id=8]
material = SubResource( 7 )

[node name="Game" type="Spatial"]
pause_mode = 1
script = ExtResource( 3 )

[node name="Map" parent="." instance=ExtResource( 2 )]

[node name="Character1" parent="." instance=ExtResource( 1 )]
transform = Transform( 1, 0, 0, 0, 1, 0, 0, 0, 1, -1.57931, 3.10623, -2.50206 )

[node name="Character2" parent="." instance=ExtResource( 1 )]
transform = Transform( 1, 0, 0, 0, 1, 0, 0, 0, 1, 3.13395, 3.10623, -1.83144 )
num = 2

[node name="Character3" parent="." instance=ExtResource( 1 )]
transform = Transform( 1, 0, 0, 0, 1, 0, 0, 0, 1, 0.357179, 3.10623, 1.37871 )
num = 3

[node name="CameraBase" type="Spatial" parent="."]
transform = Transform( 1, 0, 0, 0, 1, 0, 0, 0, 1, 0, 0, -15.4 )

[node name="Camera" type="Camera" parent="CameraBase"]
transform = Transform( 1, 0, 0, 0, 0.421178, 0.906978, 0, -0.906978, 0.421178, 0, 46.3088, 26.6774 )

[node name="Drill" parent="." instance=ExtResource( 4 )]
transform = Transform( 1, 0, 0, 0, 1, 0, 0, 0, 1, 0, -18.0278, 0 )

[node name="Characters" type="VBoxContainer" parent="."]
margin_left = 20.0
margin_top = 20.0
margin_right = 120.0
margin_bottom = 420.0
custom_constants/separation = 50
__meta__ = {
"_edit_use_anchors_": false
}

[node name="char1" parent="Characters" instance=ExtResource( 6 )]

[node name="char2" parent="Characters" instance=ExtResource( 6 )]
margin_top = 50.0
margin_bottom = 50.0

[node name="char3" parent="Characters" instance=ExtResource( 6 )]
margin_top = 100.0
margin_bottom = 100.0

[node name="TopRight" type="ColorRect" parent="."]
anchor_left = 1.0
anchor_right = 1.0
margin_left = -120.0
margin_top = 20.0
margin_right = -20.0
margin_bottom = 60.0
color = Color( 0.254902, 0.254902, 0.254902, 1 )

[node name="Resources" type="Label" parent="TopRight"]
margin_left = 5.0
margin_top = 5.0
margin_right = 40.0
margin_bottom = 14.0
text = "Resources: 0"
__meta__ = {
"_edit_use_anchors_": false
}

[node name="MaxResources" type="Label" parent="TopRight"]
margin_left = 5.0
margin_top = 22.0
margin_right = 40.0
margin_bottom = 14.0
text = "Capacity: 20"
__meta__ = {
"_edit_use_anchors_": false
}

[node name="GoButton" type="ColorRect" parent="."]
anchor_left = 1.0
anchor_right = 1.0
margin_left = -120.0
margin_top = 70.0
margin_right = -20.0
margin_bottom = 110.0
color = Color( 0.443137, 0, 0, 1 )
__meta__ = {
"_edit_use_anchors_": false
}

[node name="Needed" type="Label" parent="GoButton"]
margin_left = 12.0
margin_top = 12.0
margin_right = 86.0
margin_bottom = 26.0
text = "Needed: 10"
__meta__ = {
"_edit_use_anchors_": false
}

[node name="Button" type="Button" parent="GoButton"]
visible = false
margin_left = 4.0
margin_top = 4.0
margin_right = 96.0
margin_bottom = 36.0
custom_fonts/font = SubResource( 1 )
custom_colors/font_color = Color( 1, 1, 1, 1 )
text = "Drill down!"
__meta__ = {
"_edit_use_anchors_": false
}

[node name="AnimationPlayer" type="AnimationPlayer" parent="GoButton/Button"]
autoplay = "Blink"
anims/Blink = SubResource( 2 )

[node name="Overhead1" parent="." instance=ExtResource( 8 )]
margin_left = -100.0
margin_right = -100.0
character_path = NodePath("../Character1")

[node name="Overhead2" parent="." instance=ExtResource( 8 )]
margin_left = -100.0
margin_right = -100.0
character_path = NodePath("../Character2")

[node name="Overhead3" parent="." instance=ExtResource( 8 )]
margin_left = -100.0
margin_right = -100.0
character_path = NodePath("../Character3")

[node name="TransitionCamera" type="Camera" parent="."]
transform = Transform( 0.693125, 0.456805, -0.55759, 0, 0.773553, 0.633732, 0.720817, -0.439256, 0.536169, -15.2497, 17.7759, 17.057 )
current = true

[node name="TransitionAnimation" type="AnimationPlayer" parent="."]
pause_mode = 2
anims/LevelEnd = SubResource( 3 )
anims/LevelStart = SubResource( 4 )

[node name="DrillingSound" type="AudioStreamPlayer3D" parent="."]
pause_mode = 2
stream = ExtResource( 12 )
attenuation_model = 3
unit_db = -6.0

[node name="TransitionScreen" type="ColorRect" parent="."]
pause_mode = 2
anchor_right = 1.0
anchor_bottom = 1.0
color = Color( 0, 0, 0, 1 )
__meta__ = {
"_edit_use_anchors_": false
}

[node name="StartScreen" type="CenterContainer" parent="TransitionScreen"]
anchor_right = 1.0
anchor_bottom = 1.0
__meta__ = {
"_edit_use_anchors_": false
}

[node name="Control" type="Control" parent="TransitionScreen/StartScreen"]
margin_left = 720.0
margin_top = 450.0
margin_right = 720.0
margin_bottom = 450.0

[node name="Label" type="Label" parent="TransitionScreen/StartScreen/Control"]
anchor_left = 0.5
anchor_top = 0.5
anchor_right = 0.5
anchor_bottom = 0.5
margin_left = -409.0
margin_top = -253.558
margin_right = 401.0
margin_bottom = 31.4423
grow_horizontal = 2
grow_vertical = 2
custom_fonts/font = SubResource( 5 )
text = "Get ready to Drill!

Collect resources to fuel your drill and keep going deeper. You need 10 to get
to the next level, the surplus can be used to upgrade your characters.

1, 2, 3 to select (or click the character, or a button on the left)
Right click to move, attack, or mine resources
WASD, arrows or middle-click to pan the camera
Enter to drill down! (or click the button in top right)"
align = 1
valign = 1
__meta__ = {
"_edit_use_anchors_": false
}

[node name="Button" type="Button" parent="TransitionScreen/StartScreen/Control"]
margin_left = -78.4126
margin_top = 57.851
margin_right = 73.5874
margin_bottom = 92.851
grow_horizontal = 2
grow_vertical = 2
custom_fonts/font = SubResource( 5 )
text = "Start drilling"
__meta__ = {
"_edit_use_anchors_": false
}

[node name="Burrow" type="TextureRect" parent="TransitionScreen/StartScreen/Control"]
anchor_right = 0.237
margin_left = 174.826
margin_top = 100.859
margin_right = 389.826
margin_bottom = 233.859
texture = ExtResource( 5 )
expand = true
__meta__ = {
"_edit_use_anchors_": false
}

[node name="Label" type="Label" parent="TransitionScreen/StartScreen/Control/Burrow"]
anchor_left = 0.5
anchor_top = 1.0
anchor_right = 0.5
anchor_bottom = 1.0
margin_top = 5.0
grow_horizontal = 2
custom_fonts/font = SubResource( 9 )
text = "Enemy nest, avoid"

[node name="TextureRect2" type="TextureRect" parent="TransitionScreen/StartScreen/Control"]
anchor_right = 0.237
margin_left = -409.0
margin_top = 100.859
margin_right = -194.0
margin_bottom = 233.859
texture = ExtResource( 7 )
expand = true
__meta__ = {
"_edit_use_anchors_": false
}

[node name="Label" type="Label" parent="TransitionScreen/StartScreen/Control/TextureRect2"]
anchor_left = 0.5
anchor_top = 1.0
anchor_right = 0.5
anchor_bottom = 1.0
margin_top = 5.0
margin_bottom = 25.0
grow_horizontal = 2
custom_fonts/font = SubResource( 9 )
text = "Resource deposit, collect"
__meta__ = {
"_edit_use_anchors_": false
}

[node name="Upgrade" type="CenterContainer" parent="TransitionScreen"]
anchor_right = 1.0
anchor_bottom = 1.0
script = ExtResource( 11 )
__meta__ = {
"_edit_use_anchors_": false
}

[node name="Control" type="Control" parent="TransitionScreen/Upgrade"]
margin_left = 720.0
margin_top = 450.0
margin_right = 720.0
margin_bottom = 450.0

[node name="Label" type="Label" parent="TransitionScreen/Upgrade/Control"]
margin_left = -265.828
margin_top = -87.6638
margin_right = 266.172
margin_bottom = -58.6638
grow_horizontal = 2
grow_vertical = 2
custom_fonts/font = SubResource( 5 )
text = "After refueling your drill, you have 0 resources left"
align = 1
valign = 1
__meta__ = {
"_edit_use_anchors_": false
}

[node name="Char1" parent="TransitionScreen/Upgrade/Control" instance=ExtResource( 10 )]
margin_left = -302.773
margin_right = -175.773
margin_bottom = 76.6731

[node name="Char2" parent="TransitionScreen/Upgrade/Control" instance=ExtResource( 10 )]
margin_left = -63.2786
margin_right = 63.7214
margin_bottom = 76.7452
num = 2

[node name="Char3" parent="TransitionScreen/Upgrade/Control" instance=ExtResource( 10 )]
margin_left = 178.826
margin_top = 0.065979
margin_right = 305.826
margin_bottom = 77.4065
num = 3

[node name="StartButton" type="Button" parent="TransitionScreen/Upgrade/Control"]
margin_left = -83.4015
margin_top = 175.606
margin_right = 90.5985
margin_bottom = 210.606
grow_horizontal = 2
grow_vertical = 2
custom_fonts/font = SubResource( 5 )
text = "Start next level"
__meta__ = {
"_edit_use_anchors_": false
}

[node name="DrillParticles" type="Particles" parent="."]
pause_mode = 2
transform = Transform( 1, 0, 0, 0, 1, 0, 0, 0, 1, 0, -0.202678, 0 )
emitting = false
amount = 60
lifetime = 2.5
preprocess = 0.1
process_material = SubResource( 6 )
draw_pass_1 = SubResource( 8 )

[node name="LossTimer" type="Timer" parent="."]
wait_time = 2.0
one_shot = true

[node name="LossScreen" type="ColorRect" parent="."]
visible = false
anchor_right = 1.0
anchor_bottom = 1.0
color = Color( 0.0784314, 0.0784314, 0.0784314, 1 )
__meta__ = {
"_edit_use_anchors_": false
}

[node name="Label" type="Label" parent="LossScreen"]
anchor_left = 0.5
anchor_top = 0.45
anchor_right = 0.5
anchor_bottom = 0.45
margin_left = -350.0
margin_right = 350.0
margin_bottom = 29.0
grow_horizontal = 2
custom_fonts/font = SubResource( 5 )
text = "Unfortunately all your miners have died. You won't get any deeper."
__meta__ = {
"_edit_use_anchors_": false
}

[node name="Score" type="Label" parent="LossScreen"]
anchor_left = 0.5
anchor_top = 0.55
anchor_right = 0.5
anchor_bottom = 0.55
margin_left = -69.5
margin_right = 69.5
margin_bottom = 29.0
grow_horizontal = 2
custom_fonts/font = SubResource( 5 )
text = "~score here~"
__meta__ = {
"_edit_use_anchors_": false
}

[connection signal="pressed" from="GoButton/Button" to="." method="_on_drill_down_pressed"]
[connection signal="pressed" from="TransitionScreen/StartScreen/Control/Button" to="." method="_on_start_pressed"]
[connection signal="resource_consumed" from="TransitionScreen/Upgrade/Control/Char1" to="TransitionScreen/Upgrade" method="update_info"]
[connection signal="resource_consumed" from="TransitionScreen/Upgrade/Control/Char2" to="TransitionScreen/Upgrade" method="update_info"]
[connection signal="resource_consumed" from="TransitionScreen/Upgrade/Control/Char3" to="TransitionScreen/Upgrade" method="update_info"]
[connection signal="pressed" from="TransitionScreen/Upgrade/Control/StartButton" to="." method="_on_start_pressed"]
[connection signal="pressed" from="TransitionScreen/Upgrade/Control/StartButton" to="TransitionScreen/Upgrade" method="hide"]
[connection signal="timeout" from="LossTimer" to="." method="_on_loss"]
